%Bibliografia

%artyku³
@article{dowolna_etykieta_artykulu,
 author               = {Nieznany autor},
 journal              = {Nieznane czasopismo},
 title                = {Nieznany tytu³},
 year                 = {2011},
 }

%ksi¹¿ka
@book{dowolna_etykieta_ksiazki,
 author               = {Nieznany autor},
 note                 = {(nieznany jêzyk)},
 publisher            = {Nieznane wydawnictwo},
 title                = {Nieznany tytu³},
 year                 = {2006},
}
